@article{szilagyi_application_2012,
	title = {" {A}pplication {A}ware {M}echanisms in {HSPA} {S}ystems "},
	author = {Szilagyi, P. and Vulkan, C.},
	journal = {In {IARIA} {ICWMC}},
	year = {2012}
}

@article{sang_differentiated_2007,
	title = {" {D}ifferentiated {TCP} {U}ser {P}erception over {D}ownlink {P}acket {D}ata {C}ellular {S}ystems"},
	journal = {In {IEEE} Transactions on Mobile Computing},
	author = {Sang, A. and Wang, X. and Madihian, M.},
	year = {2007}
}

@article{korossy_qos_2008,
	title = {" {QoS} {A}ware {HSDPA} {C}ongestion {C}ontrol {A}lgorithm"},
	journal = {In {IEEE} {WIMOB}},
	author = {Korossy, L. and Vulkan, C.},
	year = {2008}
}

@article{soldani_strategies_2011,
	title = {" {S}trategies for {M}obile {B}roadband {G}rowth: {T}raffic {S}egmentation for {B}etter {C}ustomer {E}xperience "},
	journal = {In {IEEE} {VTC} Spring},
	author = {Soldani, D. and Jun, Hou Xiao and Luck, B.},
	year = {2011},
}
@article{gozdecki2003quality,
  title={" {Q}uality of {S}ervice terminology in {IP} networks"},
  author={Gozdecki, J. and Jajszczyk, A. and Stankiewicz, R.},
  journal={Communications Magazine, IEEE},
  volume={41},
  number={3},
  pages={153--159},
  year={2003},
  publisher={IEEE}
}


@article{meddeb2010internet,
  title={"{I}nternet {Q}o{S}: pieces of the puzzle"},
  author={Meddeb, Aref},
  journal={Communications Magazine, IEEE},
  volume={48},
  number={1},
  pages={86--94},
  year={2010},
  publisher={IEEE}
}

@book{marchese2007qos,
  title={"{Q}o{S} over heterogeneous networks"},
  author={Marchese, Mario},
  year={2007},
  publisher={John Wiley \& Sons}
}


@ELECTRONIC{Ericsson_Mobility_Report,
  author = {Ericsson},
  month = {June},
  year = {2014},
  title = {{W}hite paper: \href{http://www.ericsson.com/mobility-report}{"{M}obility {R}eport"}},
  url = {www.ericsson.com/mobility-report},
  affiliation = {Ericson},
  type = {White Paper}
}

@ELECTRONIC{VNI_cisco,
  author = {Cisco Systems  Inc.},
  month = {June},
  year = {2014},
  title = {{W}hite paper: \href{www.cisco.com/en/US/netsol/ns827/networking_solutions_sub_solution.html}{"{C}isco {V}isual {N}etworking {I}ndex}: {F}orecast and {M}ethodology, 2013-2018"},
  url = {www.cisco.com/en/US/netsol/ns827/networking_solutions_sub_solution.html},
  affiliation = {CISCO},
  type = {White Paper}
}

@TECHREPORT{Crawley98aframework,
    author = {Crawley, E. and Nair, R. and Rajagopalan, B. and Sandick, H.},
    title = {"{A} {F}ramework for {Q}o{S}-based {R}outing in the {I}nternet"},
    institution = {RFC2386},
    year = {1998}
}


@inproceedings{foddis2014lte,
  title={"{LTE} traffic analysis and application behavior characterization},
  author={Foddis, Gianluca and Garroppo, Rosario G and Giordano, Stefano and Procissi, Gregorio and Roma, Simone and Topazzi, Simone},
  booktitle={Networks and Communications (EuCNC), 2014 European Conference on},
  pages={1--5},
  year={2014},
  organization={IEEE}
}

@misc{itu_qos,
	title = {{ITU-T} Recommendation {E}.800. "{Q}uality of {T}elecommunication {S}ervice: {C}oncepts, {M}odels, {O}bjectives and {D}ependability {P}lanning. {T}erms and {D}efinitions {R}elated to the {Q}uality of {T}elecommunication {S}ervices"},
  month = sep,
  year={2008}
}


@article{gozdecki2003quality,
  title={"{Q}uality of {S}ervice  {T}erminology in {IP} {N}etworks"},
  author={Gozdecki, Janusz and Jajszczyk, Andrzej and Stankiewicz, Rafal},
  journal={Communications Magazine, IEEE},
  volume={41},
  number={3},
  pages={153-159},
  year={2003},
  publisher={IEEE}
}

@techreport{etr0031994network,
  title={"{N}etwork {A}spects ({NA}); {G}eneral {A}spects of {Q}uality of {S}ervice ({Q}o{S}) and {N}etwork {P}erformance ({NP})"},
  author={ETR003, ETSI},
  year={1994}
}


@book{hardy2001qos,
  title={{Q}o{S}: measurement and evaluation of telecommunications quality of service},
  author={Hardy, William C and Preface By-Cardoso, Luis},
  year={2001},
  publisher={John Wiley \& Sons, Inc.}
}


@article{rajahalme2011ipv6,
  title={"{RFC} 3697 {IP}v6 flow label specification" {IETF}},
  author={Rajahalme, J., Conta, A., Deering, S., and Carpenter, B},
  year={2011}
}

@article{ietf1998rfc,
  title={{RFC} 2475 "{A}n {A}rchitecture for {D}ifferentiated {S}ervices"},
  author={IETF Network Working Group},
  year={1998}
}

@TechReport{3gppts23107,
author = {3GPP TS 23.107 version 8.2.0 Release 8},
title = {"{Q}o{S} {C}oncept and {A}rchitecture"},
year = {2011-12}
}

@TechReport{3gpppdp,
author = {3GPP TS 23.060 version 3.17.0 Release 99},
title = {"{G}eneral {P}acket {R}adio {S}ervice ({GPRS}); {S}ervice description"},
year = {2006-12}
}

@TechReport{3gpphsdpatti,
author = {3GPP TS 25.308 version 5.7.0 Release 5},
title = {"{U}niversal {M}obile {T}elecommunications {S}ystem ({UMTS}); {UTRA} {H}igh {S}peed {D}ownlink {P}acket {A}ccess ({HSDPA}); {O}verall description"},
year = {2004-12}
}


@book{ali2011understanding,
  title={"{U}nderstanding {LTE} and its {P}erformance"},
  author={Ali-Yahiya, T.},
  isbn={9781441964571},
  series={SpringerLink : B{\"u}cher},
  year={2011},
  publisher={Springer}
}

@book{ahmadi2013lte,
  title={"{LTE}-{A}dvanced: {A} {P}ractical {S}ystems {A}pproach to {U}nderstanding {3GPP} {LTE} {R}eleases 10 and 11 {R}adio {A}ccess {T}echnologies"},
  author={Ahmadi, S.},
  isbn={9780124051782},
  series={ITPro collection},
  year={2013},
  publisher={Elsevier Science}
}

@TechReport{3gppnas,
author = {3GPP TS 24.301 version 8.10.0 Release 8},
title = {"{N}on-{A}ccess-{S}tratum ({NAS}) protocol for {E}volved {P}acket {S}ystem ({EPS})"},
year = {2011-06}
}

@TechReport{3gpputran,
author = {3GPP TS 36.300 version 8.12.0 Release 8},
title = {"{E-UTRA} and {E-UTRAN}; Overall description"},
year = {2010-04}
}


@TechReport{3gpppcc,
author = {3GPP TS 23.203 version 8.14.0 Release 8},
title = {"{P}olicy and charging control architecture"},
year = {2012-07}
}


@TechReport{3gppbearer,
author = {3GPP TS 23.401 version 8.18.0 Release 8},
title = {"{GPRS} enhancements for  {E-UTRAN} access"},
year = {2013-04}
}

@TechReport{3gpprlc,
author = {3GPP TS 25.322 version 8.9.0 Release 8},
title = {"{R}adio {L}ink {C}ontrol ({RLC}) protocol specification"},
year = {2010-06}
}

@inproceedings{falaki2010first,
  title={"{A} first look at traffic on smartphones"},
  author={Falaki, Hossein and Lymberopoulos, Dimitrios and Mahajan, Ratul and Kandula, Srikanth and Estrin, Deborah},
  booktitle={ACM SIGCOMM conference on Internet measurement},
  year={2010}
}

@inproceedings{huang2013depth,
  title={"{A}n in-depth study of {LTE}: effect of network protocol and application behavior on performance"},
  author={Huang, Junxian and Qian, Feng and Guo, Yihua and Zhou, Yuanyuan and Xu, Qiang and Mao, Z Morley and Sen, Subhabrata and Spatscheck, Oliver},
  booktitle={ACM SIGCOMM},
  year={2013}
}


@inproceedings{naylor2014cost,
  title={"{T}he {C}ost of the "{S}" in {HTTPS}"},
  author={Naylor, David and Finamore, Alessandro and Leontiadis, Ilias and Grunenberger, Yan and Mellia, Marco and Munaf{\`o}, Maurizio and Papagiannaki, Konstantina and Steenkiste, Peter},
  booktitle={ACM CoNEXT},
  year={2014}
}


@article{ramos2014characteristics,
  title={"{C}haracteristics of mobile youtube traffic},
  author={Ramos-Mu{\~n}oz, Juan J and Prados-Garzon, Jonathan and Ameigeiras, Pablo and Navarro-Ortiz, Jorge and L{\'o}pez-Soler, Juan M},
  journal={Wireless Communications, IEEE},
  year={2014}
}

@Techreport{3gppqos,
  author = "3GPP",
  title = "{{Q}o{S} {C}oncept and {A}rchitecture}",
  type = "TS",
  number = "{23.107 version 10.2.0 Release 10}",
  month = December,
  year = 2011
}